@misc{dataset, 
    title = "150k Python Dataset", 
    howpublished = "Dostęp zdalny: \url{https://www.sri.inf.ethz.ch/py150}", 
    author = "srilab" 
}

@inproceedings{hellendoorn,
    author = "Vincent J. Hellendoorn and Premkumar Devanbu",
    title  = "Are Deep Neural Networks the Best Choice for Modeling Source Code?",
    booktitle    = "Proceedings of the 2017 11th Joint Meeting on Foundations of Software Engineering",
    publisher    = "ESEC/FSE 2017. Paderborn, Germany: ACM, 2017, pp. 763–773",
    howpublished = "Dostęp zdalny: \url{10.1145/3106237.3106290}",
    year         = "2017"
}

@inproceedings{pythia,
    author = "Alexey Svyatkovskiy and Shengyu Fu and Ying Zhao and Neel Sundaresan",
    title  = "Pythia: AI-assisted Code Completion System",
    publisher    = "Microsoft",
    howpublished = "Dostęp zdalny: \url{https://dl.acm.org/doi/pdf/10.1145/3292500.3330699}",
    year         = "2019"
}

% Źródło innego typu, np. repozytorium na GitHubie.
@misc{ml4code,
   title = "ml4code", 
   howpublished = "Dostęp zdalny: \url{https://ml4code.github.io/papers.html}"
}

@misc{github,
   title = "github", 
   howpublished = "Dostęp zdalny: \url{https://github.com}"
}

@misc{tabnine,
   howpublished = "Dostęp zdalny: \url{https://tabnine.com}"
}

@misc{openai,
   howpublished = "Dostęp zdalny: \url{https://openai.com}"
}

@mastersthesis{contextual_code_completion, 
    author = "Subhasis Das, Chinmayee Shah",
    title = "Contextual Code Completion Using Machine Learning", 
    school = "Stanford",
    year = "2015"
}

@mastersthesis{erik, 
    author = "Erik van Scharrenburg",
    title = "Code Completion wiht Recurrent Nerual Networks", 
    school = "University of Amsterdam",
    year = "2018"
}

@mastersthesis{pharo, 
    author = "Myroslava ROMANIUK",
    title = "Improving Code Completion in PharoUsing N-gram Language Models", 
    school = "Ukrainian Catholic University",
    howpublished = "Dostęp zdalny: \url{https://www.researchgate.net/publication/343696657_Improving_Code_Completion_in_Pharo_Using_N-gram_Language_Models}", 
    year = "2020"
}

@misc{kim,
      title={Character-Aware Neural Language Models}, 
      author={Yoon Kim and Yacine Jernite and David Sontag and Alexander M. Rush},
      year={2015},
      eprint={1508.06615},
      archivePrefix={arXiv},
      primaryClass={cs.CL}
}
@misc{topide,
   title = "pypl", 
   howpublished = "Dostęp zdalny: \url{https://pypl.github.io/IDE.html}"
}
@misc{sublime,
   title = "Sublime Text 3", 
   howpublished = "Dostęp zdalny: \url{https://www.sublimetext.com/}"
}
 Citation & Abstract
@INPROCEEDINGS{numberofunits,
  author={S. {Chakraborty} and J. {Banik} and S. {Addhya} and D. {Chatterjee}},
  booktitle={2020 International Conference on Computer Science, Engineering and Applications (ICCSEA)}, 
  title={Study of Dependency on number of LSTM units for Character based Text Generation models}, 
  year={2020},
  volume={},
  number={},
  pages={1-5},
  doi={10.1109/ICCSEA49143.2020.9132839}}
@misc{tokenize,
   title = "tokenize", 
   howpublished = "Dostęp zdalny: \url{https://docs.python.org/3/library/tokenize.html}"
}

@misc{word2vec,
      title={Efficient Estimation of Word Representations in Vector Space}, 
      author={Tomas Mikolov and Kai Chen and Greg Corrado and Jeffrey Dean},
      year={2013},
      eprint={1301.3781},
      archivePrefix={arXiv},
      primaryClass={cs.CL}
}/

@article{lstm,
author = {Hochreiter, Sepp and Schmidhuber, Jürgen},
year = {1997},
month = {12},
pages = {1735-80},
title = {Long Short-term Memory},
volume = {9},
journal = {Neural computation},
doi = {10.1162/neco.1997.9.8.1735}
}

@article{gru,
  author    = {Kyunghyun Cho and
               Bart van Merrienboer and
               {\c{C}}aglar G{\"{u}}l{\c{c}}ehre and
               Fethi Bougares and
               Holger Schwenk and
               Yoshua Bengio},
  title     = {Learning Phrase Representations using {RNN} Encoder-Decoder for Statistical
               Machine Translation},
  journal   = {CoRR},
  volume    = {abs/1406.1078},
  year      = {2014},
  url       = {http://arxiv.org/abs/1406.1078},
  archivePrefix = {arXiv},
  eprint    = {1406.1078},
  timestamp = {Mon, 13 Aug 2018 16:46:44 +0200},
  biburl    = {https://dblp.org/rec/journals/corr/ChoMGBSB14.bib},
  bibsource = {dblp computer science bibliography, https://dblp.org}
}

@article{hopfield,
 ISSN = {00278424},
 URL = {http://www.jstor.org/stable/12175},
 abstract = {Computational properties of use to biological organisms or to the construction of computers can emerge as collective properties of systems having a large number of simple equivalent components (or neurons). The physical meaning of content-addressable memory is described by an appropriate phase space flow of the state of a system. A model of such a system is given, based on aspects of neurobiology but readily adapted to integrated circuits. The collective properties of this model produce a content-addressable memory which correctly yields an entire memory from any subpart of sufficient size. The algorithm for the time evolution of the state of the system is based on asynchronous parallel processing. Additional emergent collective properties include some capacity for generalization, familiarity recognition, categorization, error correction, and time sequence retention. The collective properties are only weakly sensitive to details of the modeling or the failure of individual devices.},
 author = {J. J. Hopfield},
 journal = {Proceedings of the National Academy of Sciences of the United States of America},
 number = {8},
 pages = {2554--2558},
 publisher = {National Academy of Sciences},
 title = {Neural Networks and Physical Systems with Emergent Collective Computational Abilities},
 volume = {79},
 year = {1982}
}


@misc{multilstm,
      title={Single Layer and Multi-layer Long Short-Term Memory (LSTM) Model with Intermediate Variables for Weather Forecasting}, 
      author={Afan Galih Salmana and Yaya Heryadib and Edi Abdurahmanb and Wayan Suparta},
      year={2018}
}
@misc{openai,
      title={OpenAi}, 
      howpublished = "\url{https://openai.com}"
}
@InProceedings{character-level,
    author="Peng, Hao
    and Mou, Lili
    and Li, Ge
    and Liu, Yuxuan
    and Zhang, Lu
    and Jin, Zhi",
    editor="Zhang, Songmao
    and Wirsing, Martin
    and Zhang, Zili",
    title="Building Program Vector Representations for Deep Learning",
    booktitle="Knowledge Science, Engineering and Management",
    year="2015",
    publisher="Springer International Publishing",
    address="Cham",
    pages="547--553",
    abstract="Deep learning has made significant breakthroughs in various fields of artificial intelligence. However, it is still virtually impossible to use deep learning to analyze programs since deep architectures cannot be trained effectively with pure back propagation. In this pioneering paper, we propose the ``coding criterion'' to build program vector representations, which are the premise of deep learning for program analysis. We evaluate the learned vector representations both qualitatively and quantitatively. We conclude, based on the experiments, the coding criterion is successful in building program representations. To evaluate whether deep learning is beneficial for program analysis, we feed the representations to deep neural networks, and achieve higher accuracy in the program classification task than ``shallow'' methods. This result confirms the feasibility of deep learning to analyze programs.",
    isbn="978-3-319-25159-2"
}

@article {lstmvsgru,
      author = "Apeksha Shewalkar and Deepika Nyavanandi and Simone A. Ludwig",
      title = "Performance Evaluation of Deep Neural Networks Applied to Speech Recognition: RNN, LSTM and GRU",
      journal = "Journal of Artificial Intelligence and Soft Computing Research",
      year = "01 Oct. 2019",
      publisher = "Sciendo",
      address = "Berlin",
      volume = "9",
      number = "4",
      doi = "https://doi.org/10.2478/jaiscr-2019-0006",
      pages=      "235 - 245",
      url = "https://content.sciendo.com/view/journals/jaiscr/9/4/article-p235.xml"
}


% Artykuł w recenzowanym czasopiśmie.
@article{szczypiorski2015,
    author    = "Szczypiorski, K. and Janicki, A. and Wendzel, S",
    title     = "{T}he {G}ood, {T}he {B}ad {A}nd {T}he {U}gly: {E}valuation of {W}i-{F}i {S}teganography",
    journal   = "Journal of Communications",
    volume    = "10",
    number    = "10",
    pages     = "747--752",
    publisher = "Journal of Communications (JCM)",
    year      = "2015",
}

% Książka.
@book{goossens93,
    author    = "Michel Goossens and Frank Mittelbach and Alexander Samarin",
    title     = "The LaTeX Companion",
    publisher = "Addison-Wesley",
    address   = "Reading, Massachusetts",
    year      = "1993",
}

% Fragment książki (np. zakres stron).
@inbook{wang97,
    author      = "Hao Wang",
    title       = "A Logical Journey: From G{\"o}del to Philosophy.",
    publisher   = "A Bradford Book",
    pages       = "316",
    year        = "1997"
}

% Fragment książki (np. esej), posiadający własny tytuł.
@incollection{goedel95,
    author      = "Kurt G{\"o}del",
    title       = "Texts relating to the ontological proof",
    booktitle   = "Unpublished Essays and Lectures",
    publisher   = "Oxford University Press",
    pages       = "429--437",
    year        = "1995",
}

% Publikacja konferencyjna.
@inproceedings{benzmuller2014,
    author       = "{Ch}. Benzmuller and B. W. Paleo",
    title        = "Automating {G\"o}del’s {O}ntological {P}roof of {G}od’s {E}xistence with {H}igher-order {A}utomated {T}heorem {P}rovers",
    booktitle    = "European	Conference on Artificial Intelligence",
    publisher    = "IOS Press",
    howpublished = "Dostęp zdalny (10.04.2019): \url{http://page.mi.fu-berlin.de/cbenzmueller/papers/C40.pdf}",
    year         = "2014",
}

% Raport techniczny.
@techreport{duqu2011,
    author      = "Bencsáth, B. and Pék, G. and Buttyán, L. and Félegyházi M.",
    title       = "{D}uqu: {A} {S}tuxnet-like malware found in the wild",
    institution = "Laboratory of Cryptography and System Security, Hungary",
    year        = "2011"
}

% Specyfikacja techniczna.
@manual{shs2015,
    title        = "{FIPS} 180-4: {S}ecure {H}ash {S}tandard ({SHS})",
    howpublished = "Dostęp zdalny (13.03.2019): \url{https://nvlpubs.nist.gov/nistpubs/FIPS/NIST.FIPS.180-4.pdf}",
    year         = "2015"
}

% Praca magisterska.
@mastersthesis{wozniak2018,
    author = "Woźniak, Piotr",
    title  = "{P}rogramowanie kwadratowe w usuwaniu efektu rozmycia ruchu w fotografii cyfrowej",
    school  = "Wydział Elektroniki i Technik Informacyjnych, Politechnika Warszawska",
    year   = "2018",
}

% Nieopublikowany artykuł, dostępny np. tylko w internecie.
@unpublished{koons2005,
    author = "Koons, Robert C.",
    title  = "{S}obel on {G\"o}del’s {O}ntological {P}roof",
    note   = "Dostęp zdalny (25.04.2019): \url{http://www.robkoons.net/media/69b0dd04a9d2fc6dffff80b4ffffd524.pdf}",
    year   = "2005"
}

% Źródło innego typu, np. repozytorium na GitHubie.
@misc{dcp19,
    author       = "Brodzki, Artur M.",
    title        = "{I}mplementation of own steganography protocol {DCP}-19, loosely based on {HICCUPS}",
    howpublished = "Dostęp zdalny (14.03.2019): \url{https://github.com/ArturB/DCP-19}",
    year         = "2019"
}
